<?xml version="1.0" encoding="UTF-8"?><record xmlns="http://www.loc.gov/MARC21/slim" xmlns:cinclude="http://apache.org/cocoon/include/1.0" xmlns:zs="http://www.loc.gov/zing/srw/">
  <leader>00459nz  a2200133n  4500</leader>
  <controlfield tag="001">nr 88007923 </controlfield>
  <controlfield tag="003">DLC</controlfield>
  <controlfield tag="005">19881026082554.7</controlfield>
  <controlfield tag="008">880823n| acannaab|          |a aaa     c</controlfield>
  <datafield tag="010" ind1=" " ind2=" ">
    <subfield code="a">nr 88007923 </subfield>
  </datafield>
  <datafield tag="040" ind1=" " ind2=" ">
    <subfield code="a">CtY</subfield>
    <subfield code="c">CtY</subfield>
  </datafield>
  <datafield tag="100" ind1="1" ind2="0">
    <subfield code="a">Drii︠a︡nskiĭ, E. Ė.</subfield>
    <subfield code="q">(Egor Ėduardovich)</subfield>
  </datafield>
  <datafield tag="400" ind1="1" ind2="0">
    <subfield code="a">Drii︠a︡nskiĭ, Egor Ėduardovich</subfield>
  </datafield>
  <datafield tag="670" ind1=" " ind2=" ">
    <subfield code="a">His Zapiski melkotravchatogo, 1985:</subfield>
    <subfield code="b">t.p. (E.Ė. Drii︠a︡nskiĭ) colophon (Egor Ėduardovich Drii︠a︡nskiĭ)</subfield>
  </datafield>
</record>